<?xml version="1.0" encoding="UTF-8"?><record xmlns="http://www.loc.gov/MARC21/slim" xmlns:cinclude="http://apache.org/cocoon/include/1.0" xmlns:zs="http://www.loc.gov/zing/srw/">
  <leader>00358nz  a2200133n  4500</leader>
  <controlfield tag="001">n 2011027272</controlfield>
  <controlfield tag="003">DLC</controlfield>
  <controlfield tag="005">20110423074954.0</controlfield>
  <controlfield tag="008">110422n| acannaabn          |a aaa      </controlfield>
  <datafield tag="010" ind1=" " ind2=" ">
    <subfield code="a">n 2011027272</subfield>
  </datafield>
  <datafield tag="040" ind1=" " ind2=" ">
    <subfield code="a">DLC</subfield>
    <subfield code="b">eng</subfield>
    <subfield code="c">DLC</subfield>
  </datafield>
  <datafield tag="100" ind1="1" ind2=" ">
    <subfield code="a">Hardie, Kerry,</subfield>
    <subfield code="d">1951-</subfield>
    <subfield code="t">Poems.</subfield>
    <subfield code="k">Selections</subfield>
  </datafield>
  <datafield tag="400" ind1="1" ind2=" ">
    <subfield code="a">Hardie, Kerry,</subfield>
    <subfield code="d">1951-</subfield>
    <subfield code="t">Selected poems</subfield>
  </datafield>
  <datafield tag="670" ind1=" " ind2=" ">
    <subfield code="a">Selected poems, 2011.</subfield>
  </datafield>
</record>